@inproceedings{Williams,
 author = {Williams, Amy and Barrus, Steve and Morley, R. Keith and Shirley, Peter},
 title = {An Efficient and Robust Ray-box Intersection Algorithm},
 booktitle = {ACM SIGGRAPH 2005 Courses},
 series = {SIGGRAPH '05},
 year = {2005},
 location = {Los Angeles, California},
 articleno = {9},
 url = {http://doi.acm.org/10.1145/1198555.1198748},
 doi = {10.1145/1198555.1198748},
 acmid = {1198748},
 publisher = {ACM},
 address = {New York, NY, USA},
} 

@misc{gambriel,
  title = {Basic Ray Tracing},
  howpublished = {\url{http://www.gabrielgambetta.com/computer-graphics-from-scratch/basic-ray-tracing.html}},
  note = {Accessed: 2018-03-28},
  author = {Gabriel Gambetta}
}
@misc{scratchaPix,
  title = {Scratchapixel},
  howpublished = {\url{https://www.scratchapixel.com/}},
  note = {Accessed: 2018-03-28}
}

@misc{pythondocu,
  title = {Python Documentation},
  howpublished = {\url{https://docs.python.org/2/library/multiprocessing.html}},
  note = {Accessed: 2018-03-28}
}
